% Einfache Umwandlung von ISBN zu Bibtex
% WICHTIG: Das &-Zeichen muss mit \% überall escaped werden!
% https://www.xarg.org/tools/isbn-to-bibtex/

@book{nachname:buchkürzel,
  Author = {Vorname Nachname},
  title = {Titel},
  publisher = {Verlag},
  year = {Jahr},
  month = {Monat},
  isbn = {ISBN},
  url = {url}
}
